@Book{antlr.07,
  author    = {Terrence Parr},
  title     = {The Definitive {ANTLR} Reference},
  publisher = {Pragmatic Bookshelf},
  year      = 2007,
}